% This file was created with JabRef 2.10.
% Encoding: UTF8


@Article{long2014fully,
  Title                    = {Fully convolutional networks for semantic segmentation},
  Author                   = {Long, Jonathan and Shelhamer, Evan and Darrell, Trevor},
  Journal                  = {arXiv preprint arXiv:1411.4038},
  Year                     = {2014},

  Month                    = {nov},

  Url                      = {http://arxiv.org/abs/1411.4038}
}

@Misc{Pantofaru2005,
  Title                    = {A Comparison of Image Segmentation Algorithms},

  Author                   = {Caroline Pantofaru AND Martial Hebert},
  Month                    = {sep},
  Year                     = {2005},

  Review                   = {Two algorithms (mean shift-based segmentation algorithm  and a graph-based segmentation scheme) are evaluated.
The Normalized Probabilistic Rand (NPR) index is used as a measure of segmentation correctness.},
  Timestamp                = {2015.10.25},
  Url                      = {http://riweb-backend.ri.cmu.edu/pub_files/pub4/pantofaru_caroline_2005_1/pantofaru_caroline_2005_1.pdf}
}

