%Classification Networks

@incollection{AlexNet,
	title = {ImageNet Classification with Deep Convolutional Neural Networks},
	author = {Alex Krizhevsky and Sutskever, Ilya and Geoffrey E. Hinton},
	booktitle = {Advances in Neural Information Processing Systems 25},
	editor = {F. Pereira and C.J.C. Burges and L. Bottou and K.Q. Weinberger},
	pages = {1097--1105},
	year = {2012},
	publisher = {Curran Associates, Inc.},
	url = {http://papers.nips.cc/paper/4824-imagenet-classification-with-deep-convolutional-neural-networks.pdf}
}

@article{VGG16,
  author    = {Karen Simonyan and
               Andrew Zisserman},
  title     = {Very Deep Convolutional Networks for Large-Scale Image Recognition},
  journal   = {CoRR},
  volume    = {abs/1409.1556},
  year      = {2014},
  url       = {http://arxiv.org/abs/1409.1556},
  timestamp = {Wed, 01 Oct 2014 15:00:05 +0200},
  biburl    = {http://dblp.uni-trier.de/rec/bib/journals/corr/SimonyanZ14a},
  bibsource = {dblp computer science bibliography, http://dblp.org}
}

@article{googLeNeT,
  author    = {Christian Szegedy and
               Wei Liu and
               Yangqing Jia and
               Pierre Sermanet and
               Scott Reed and
               Dragomir Anguelov and
               Dumitru Erhan and
               Vincent Vanhoucke and
               Andrew Rabinovich},
  title     = {Going Deeper with Convolutions},
  journal   = {CoRR},
  volume    = {abs/1409.4842},
  year      = {2014},
  url       = {http://arxiv.org/abs/1409.4842},
  timestamp = {Wed, 01 Oct 2014 15:00:05 +0200},
  biburl    = {http://dblp.uni-trier.de/rec/bib/journals/corr/SzegedyLJSRAEVR14},
  bibsource = {dblp computer science bibliography, http://dblp.org}
}

% Localization Ideas

@article{RNN,
  author    = {Ross B. Girshick and
               Jeff Donahue and
               Trevor Darrell and
               Jitendra Malik},
  title     = {Rich feature hierarchies for accurate object detection and semantic
               segmentation},
  journal   = {CoRR},
  volume    = {abs/1311.2524},
  year      = {2013},
  url       = {http://arxiv.org/abs/1311.2524},
  timestamp = {Tue, 03 Dec 2013 15:04:21 +0100},
  biburl    = {http://dblp.uni-trier.de/rec/bib/journals/corr/GirshickDDM13},
  bibsource = {dblp computer science bibliography, http://dblp.org}
}

@article{fast_scanning,
  author    = {Alessandro Giusti and
               Dan C. Ciresan and
               Jonathan Masci and
               Luca Maria Gambardella and
               J{\"{u}}rgen Schmidhuber},
  title     = {Fast Image Scanning with Deep Max-Pooling Convolutional Neural Networks},
  journal   = {CoRR},
  volume    = {abs/1302.1700},
  year      = {2013},
  url       = {http://arxiv.org/abs/1302.1700},
  timestamp = {Fri, 01 Mar 2013 15:41:02 +0100},
  biburl    = {http://dblp.uni-trier.de/rec/bib/journals/corr/abs-1302-1700},
  bibsource = {dblp computer science bibliography, http://dblp.org}
}

@article{overfeat,
  author    = {Pierre Sermanet and
               David Eigen and
               Xiang Zhang and
               Micha{\"{e}}l Mathieu and
               Rob Fergus and
               Yann LeCun},
  title     = {OverFeat: Integrated Recognition, Localization and Detection using
               Convolutional Networks},
  journal   = {CoRR},
  volume    = {abs/1312.6229},
  year      = {2013},
  url       = {http://arxiv.org/abs/1312.6229},
  timestamp = {Mon, 06 Jan 2014 15:10:41 +0100},
  biburl    = {http://dblp.uni-trier.de/rec/bib/journals/corr/SermanetEZMFL13},
  bibsource = {dblp computer science bibliography, http://dblp.org}
}

% FCNN and extension

@article{fcn,
    title = {Fully Convolutional Networks for Semantic Segmentation},
   author = {Long, Jonathan and Shelhamer, Evan and Darrell, Trevor},
  journal = {CVPR (to appear)},
archivePrefix = "arXiv",
   eprint = {1411.4038},
 primaryClass = "cs.CV",
 keywords = {Computer Science - Computer Vision and Pattern Recognition},
     year = 2015,
    month = nov,
}

@article{CRF1,
  author    = {Shuai Zheng and
               Sadeep Jayasumana and
               Bernardino Romera{-}Paredes and
               Vibhav Vineet and
               Zhizhong Su and
               Dalong Du and
               Chang Huang and
               Philip H. S. Torr},
  title     = {Conditional Random Fields as Recurrent Neural Networks},
  journal   = {CoRR},
  volume    = {abs/1502.03240},
  year      = {2015},
  url       = {http://arxiv.org/abs/1502.03240},
  timestamp = {Mon, 27 Apr 2015 17:39:50 +0200},
  biburl    = {http://dblp.uni-trier.de/rec/bib/journals/corr/ZhengJRVSDHT15},
  bibsource = {dblp computer science bibliography, http://dblp.org}
}

@article{CRF2,
  author    = {Liang{-}Chieh Chen and
               George Papandreou and
               Iasonas Kokkinos and
               Kevin Murphy and
               Alan L. Yuille},
  title     = {Semantic Image Segmentation with Deep Convolutional Nets and Fully
               Connected CRFs},
  journal   = {CoRR},
  volume    = {abs/1412.7062},
  year      = {2014},
  url       = {http://arxiv.org/abs/1412.7062},
  timestamp = {Fri, 08 Jan 2016 17:51:34 +0100},
  biburl    = {http://dblp.uni-trier.de/rec/bib/journals/corr/ChenPKMY14},
  bibsource = {dblp computer science bibliography, http://dblp.org}
}

@article{CRF3,
  author    = {Philipp Kr{\"{a}}henb{\"{u}}hl and
               Vladlen Koltun},
  title     = {Efficient Inference in Fully Connected CRFs with Gaussian Edge Potentials},
  journal   = {CoRR},
  volume    = {abs/1210.5644},
  year      = {2012},
  url       = {http://arxiv.org/abs/1210.5644},
  timestamp = {Fri, 02 Nov 2012 14:53:03 +0100},
  biburl    = {http://dblp.uni-trier.de/rec/bib/journals/corr/abs-1210-5644},
  bibsource = {dblp computer science bibliography, http://dblp.org}
}
