% This file was created with JabRef 2.10.
% Encoding: UTF-8


@Article{long2014fully,
  Title                    = {Fully convolutional networks for semantic segmentation},
  Author                   = {Long, Jonathan and Shelhamer, Evan and Darrell, Trevor},
  Journal                  = {arXiv preprint arXiv:1411.4038},
  Year                     = {2014}
}

